@inproceedings{DBLP:conf/saso/BealVPD16,
  author    = {Jacob Beal and
               Mirko Viroli and
               Danilo Pianini and
               Ferruccio Damiani},
  editor    = {Giacomo Cabri and
               Gauthier Picard and
               Niranjan Suri},
  title     = {Self-Adaptation to Device Distribution Changes},
  booktitle = {10th {IEEE} International Conference on Self-Adaptive and Self-Organizing
               Systems, {SASO} 2016, Augsburg, Germany, September 12-16, 2016},
  pages     = {60--69},
  publisher = {{IEEE} Computer Society},
  year      = {2016},
  url       = {https://doi.org/10.1109/SASO.2016.12},
  doi       = {10.1109/SASO.2016.12},
  timestamp = {Wed, 16 Oct 2019 14:14:51 +0200},
  biburl    = {https://dblp.org/rec/conf/saso/BealVPD16.bib},
  bibsource = {dblp computer science bibliography, https://dblp.org}
}

@inproceedings{DBLP:conf/coordination/ViroliD14,
  author    = {Mirko Viroli and
               Ferruccio Damiani},
  editor    = {eva K{\"{u}}hn and
               Rosario Pugliese},
  title     = {A Calculus of Self-stabilising Computational Fields},
  booktitle = {Coordination Models and Languages - 16th {IFIP} {WG} 6.1 International
               Conference, {COORDINATION} 2014, Held as Part of the 9th International
               Federated Conferences on Distributed Computing Techniques, DisCoTec
               2014, Berlin, Germany, June 3-5, 2014, Proceedings},
  series    = {Lecture Notes in Computer Science},
  volume    = {8459},
  pages     = {163--178},
  publisher = {Springer},
  year      = {2014},
  url       = {https://doi.org/10.1007/978-3-662-43376-8\_11},
  doi       = {10.1007/978-3-662-43376-8\_11},
  timestamp = {Tue, 14 May 2019 10:00:42 +0200},
  biburl    = {https://dblp.org/rec/conf/coordination/ViroliD14.bib},
  bibsource = {dblp computer science bibliography, https://dblp.org}
}
@article{DBLP:journals/computer/BealPV15,
  author    = {Jacob Beal and
               Danilo Pianini and
               Mirko Viroli},
  title     = {Aggregate Programming for the Internet of Things},
  journal   = {Computer},
  volume    = {48},
  number    = {9},
  pages     = {22--30},
  year      = {2015},
  url       = {https://doi.org/10.1109/MC.2015.261},
  doi       = {10.1109/MC.2015.261},
  timestamp = {Wed, 12 Aug 2020 10:31:37 +0200},
  biburl    = {https://dblp.org/rec/journals/computer/BealPV15.bib},
  bibsource = {dblp computer science bibliography, https://dblp.org}
}
@article{DBLP:journals/tosem/MameiZ09,
  author    = {Marco Mamei and
               Franco Zambonelli},
  title     = {Programming pervasive and mobile computing applications: The {TOTA}
               approach},
  journal   = {{ACM} Trans. Softw. Eng. Methodol.},
  volume    = {18},
  number    = {4},
  pages     = {15:1--15:56},
  year      = {2009},
  url       = {https://doi.org/10.1145/1538942.1538945},
  doi       = {10.1145/1538942.1538945},
  timestamp = {Tue, 06 Nov 2018 12:51:20 +0100},
  biburl    = {https://dblp.org/rec/journals/tosem/MameiZ09.bib},
  bibsource = {dblp computer science bibliography, https://dblp.org}
}
@inproceedings{DBLP:conf/coordination/AudritoBDV18,
  author    = {Giorgio Audrito and
               Jacob Beal and
               Ferruccio Damiani and
               Mirko Viroli},
  editor    = {Giovanna Di Marzo Serugendo and
               Michele Loreti},
  title     = {Space-Time Universality of Field Calculus},
  booktitle = {Coordination Models and Languages - 20th {IFIP} {WG} 6.1 International
               Conference, {COORDINATION} 2018, Held as Part of the 13th International
               Federated Conference on Distributed Computing Techniques, DisCoTec
               2018, Madrid, Spain, June 18-21, 2018. Proceedings},
  series    = {Lecture Notes in Computer Science},
  volume    = {10852},
  pages     = {1--20},
  publisher = {Springer},
  year      = {2018},
  url       = {https://doi.org/10.1007/978-3-319-92408-3\_1},
  doi       = {10.1007/978-3-319-92408-3\_1},
  timestamp = {Tue, 14 May 2019 10:00:42 +0200},
  biburl    = {https://dblp.org/rec/conf/coordination/AudritoBDV18.bib},
  bibsource = {dblp computer science bibliography, https://dblp.org}
}

@inproceedings{DBLP:conf/huc/Ferscha15,
  author    = {Alois Ferscha},
  editor    = {Kenji Mase and
               Marc Langheinrich and
               Daniel Gatica{-}Perez and
               Hans Gellersen and
               Tanzeem Choudhury and
               Koji Yatani},
  title     = {Collective adaptive systems},
  booktitle = {Proceedings of the 2015 {ACM} International Joint Conference on Pervasive
               and Ubiquitous Computing and Proceedings of the 2015 {ACM} International
               Symposium on Wearable Computers, UbiComp/ISWC Adjunct 2015, Osaka,
               Japan, September 7-11, 2015},
  pages     = {893--895},
  publisher = {{ACM}},
  year      = {2015},
  url       = {https://doi.org/10.1145/2800835.2809508},
  doi       = {10.1145/2800835.2809508},
  timestamp = {Tue, 06 Nov 2018 16:58:39 +0100},
  biburl    = {https://dblp.org/rec/conf/huc/Ferscha15.bib},
  bibsource = {dblp computer science bibliography, https://dblp.org}
}

@book{DBLP:books/daglib/0015276,
  author    = {Marco Mamei and
               Franco Zambonelli},
  title     = {Field-based coordination for pervasive multiagent systems},
  series    = {Springer series on agent technology},
  publisher = {Springer},
  year      = {2006},
  url       = {https://doi.org/10.1007/3-540-27969-5},
  doi       = {10.1007/3-540-27969-5},
  isbn      = {978-3-540-27968-6},
  timestamp = {Tue, 09 Jul 2019 17:08:12 +0200},
  biburl    = {https://dblp.org/rec/books/daglib/0015276.bib},
  bibsource = {dblp computer science bibliography, https://dblp.org}
}

@article{DBLP:journals/tcyb/NguyenNN20,
  author    = {Thanh Thi Nguyen and
               Ngoc Duy Nguyen and
               Saeid Nahavandi},
  title     = {Deep Reinforcement Learning for Multiagent Systems: {A} Review of
               Challenges, Solutions, and Applications},
  journal   = {{IEEE} Trans. Cybern.},
  volume    = {50},
  number    = {9},
  pages     = {3826--3839},
  year      = {2020},
  url       = {https://doi.org/10.1109/TCYB.2020.2977374},
  doi       = {10.1109/TCYB.2020.2977374},
  timestamp = {Sun, 11 Oct 2020 19:14:19 +0200},
  biburl    = {https://dblp.org/rec/journals/tcyb/NguyenNN20.bib},
  bibsource = {dblp computer science bibliography, https://dblp.org}
}

@article{DBLP:journals/swarm/BrambillaFBD13,
  author    = {Manuele Brambilla and
               Eliseo Ferrante and
               Mauro Birattari and
               Marco Dorigo},
  title     = {Swarm robotics: a review from the swarm engineering perspective},
  journal   = {Swarm Intell.},
  volume    = {7},
  number    = {1},
  pages     = {1--41},
  year      = {2013},
  url       = {https://doi.org/10.1007/s11721-012-0075-2},
  doi       = {10.1007/s11721-012-0075-2},
  timestamp = {Thu, 09 Jul 2020 22:44:24 +0200},
  biburl    = {https://dblp.org/rec/journals/swarm/BrambillaFBD13.bib},
  bibsource = {dblp computer science bibliography, https://dblp.org}
}

@article{DBLP:journals/scp/CasadeiAV18,
  author    = {Roberto Casadei and
               Alessandro Aldini and
               Mirko Viroli},
  title     = {Towards attack-resistant Aggregate Computing using trust mechanisms},
  journal   = {Sci. Comput. Program.},
  volume    = {167},
  pages     = {114--137},
  year      = {2018},
  url       = {https://doi.org/10.1016/j.scico.2018.07.006},
  doi       = {10.1016/j.scico.2018.07.006},
  timestamp = {Wed, 14 Nov 2018 10:21:27 +0100},
  biburl    = {https://dblp.org/rec/journals/scp/CasadeiAV18.bib},
  bibsource = {dblp computer science bibliography, https://dblp.org}
}

@article{DBLP:journals/fi/CasadeiPPVW20,
  author    = {Roberto Casadei and
               Danilo Pianini and
               Andrea Placuzzi and
               Mirko Viroli and
               Danny Weyns},
  title     = {Pulverization in Cyber-Physical Systems: Engineering the Self-Organizing
               Logic Separated from Deployment},
  journal   = {Future Internet},
  volume    = {12},
  number    = {11},
  pages     = {203},
  year      = {2020},
  url       = {https://doi.org/10.3390/fi12110203},
  doi       = {10.3390/fi12110203},
  timestamp = {Thu, 21 Jan 2021 17:35:11 +0100},
  biburl    = {https://dblp.org/rec/journals/fi/CasadeiPPVW20.bib},
  bibsource = {dblp computer science bibliography, https://dblp.org}
}

@article{DBLP:journals/corr/abs-2012-13806,
  author    = {Danilo Pianini and
               Roberto Casadei and
               Mirko Viroli and
               Stefano Mariani and
               Franco Zambonelli},
  title     = {Time-Fluid Field-Based Coordination through Programmable Distributed
               Schedulers},
  journal   = {CoRR},
  volume    = {abs/2012.13806},
  year      = {2020},
  url       = {https://arxiv.org/abs/2012.13806},
  archivePrefix = {arXiv},
  eprint    = {2012.13806},
  timestamp = {Tue, 05 Jan 2021 16:02:31 +0100},
  biburl    = {https://dblp.org/rec/journals/corr/abs-2012-13806.bib},
  bibsource = {dblp computer science bibliography, https://dblp.org}
}

@inproceedings{DBLP:conf/uai/BernsteinZI00,
  author    = {Daniel S. Bernstein and
               Shlomo Zilberstein and
               Neil Immerman},
  editor    = {Craig Boutilier and
               Mois{\'{e}}s Goldszmidt},
  title     = {The Complexity of Decentralized Control of Markov Decision Processes},
  booktitle = {{UAI} '00: Proceedings of the 16th Conference in Uncertainty in Artificial
               Intelligence, Stanford University, Stanford, California, USA, June
               30 - July 3, 2000},
  pages     = {32--37},
  publisher = {Morgan Kaufmann},
  year      = {2000},
  url       = {https://dslpitt.org/uai/displayArticleDetails.jsp?mmnu=1\&smnu=2\&article\_id=4\&proceeding\_id=16},
  timestamp = {Wed, 03 Feb 2021 11:09:15 +0100},
  biburl    = {https://dblp.org/rec/conf/uai/BernsteinZI00.bib},
  bibsource = {dblp computer science bibliography, https://dblp.org}
}

@inproceedings{DBLP:conf/coordination/CasadeiPVN19,
  author    = {Roberto Casadei and
               Danilo Pianini and
               Mirko Viroli and
               Antonio Natali},
  editor    = {Hanne Riis Nielson and
               Emilio Tuosto},
  title     = {Self-organising Coordination Regions: {A} Pattern for Edge Computing},
  booktitle = {Coordination Models and Languages - 21st {IFIP} {WG} 6.1 International
               Conference, {COORDINATION} 2019, Held as Part of the 14th International
               Federated Conference on Distributed Computing Techniques, DisCoTec
               2019, Kongens Lyngby, Denmark, June 17-21, 2019, Proceedings},
  series    = {Lecture Notes in Computer Science},
  volume    = {11533},
  pages     = {182--199},
  publisher = {Springer},
  year      = {2019},
  url       = {https://doi.org/10.1007/978-3-030-22397-7\_11},
  doi       = {10.1007/978-3-030-22397-7\_11},
  timestamp = {Fri, 27 Dec 2019 21:20:22 +0100},
  biburl    = {https://dblp.org/rec/conf/coordination/CasadeiPVN19.bib},
  bibsource = {dblp computer science bibliography, https://dblp.org}
}

@inproceedings{DBLP:conf/saso/AudritoCDV17,
  author    = {Giorgio Audrito and
               Roberto Casadei and
               Ferruccio Damiani and
               Mirko Viroli},
  title     = {Compositional Blocks for Optimal Self-Healing Gradients},
  booktitle = {11th {IEEE} International Conference on Self-Adaptive and Self-Organizing
               Systems, {SASO} 2017, Tucson, AZ, USA, September 18-22, 2017},
  pages     = {91--100},
  publisher = {{IEEE} Computer Society},
  year      = {2017},
  url       = {http://doi.ieeecomputersociety.org/10.1109/SASO.2017.18},
  doi       = {10.1109/SASO.2017.18},
  timestamp = {Wed, 16 Oct 2019 14:14:51 +0200},
  biburl    = {https://dblp.org/rec/conf/saso/AudritoCDV17.bib},
  bibsource = {dblp computer science bibliography, https://dblp.org}
}

@article{DBLP:journals/ras/Krose95,
  author    = {Ben J. A. Kr{\"{o}}se},
  title     = {Learning from delayed rewards},
  journal   = {Robotics Auton. Syst.},
  volume    = {15},
  number    = {4},
  pages     = {233--235},
  year      = {1995},
  url       = {https://doi.org/10.1016/0921-8890(95)00026-C},
  doi       = {10.1016/0921-8890(95)00026-C},
  timestamp = {Mon, 24 Feb 2020 15:56:53 +0100},
  biburl    = {https://dblp.org/rec/journals/ras/Krose95.bib},
  bibsource = {dblp computer science bibliography, https://dblp.org}
}

@inproceedings{DBLP:conf/ecoop/CasadeiV16,
  author    = {Roberto Casadei and
               Mirko Viroli},
  title     = {Towards Aggregate Programming in Scala},
  booktitle = {First Workshop on Programming Models and Languages for Distributed
               Computing, PMLDC@ECOOP 2016, Rome, Italy, July 17, 2016},
  pages     = {5},
  publisher = {{ACM}},
  year      = {2016},
  url       = {https://doi.org/10.1145/2957319.2957372},
  doi       = {10.1145/2957319.2957372},
  timestamp = {Tue, 06 Nov 2018 16:59:31 +0100},
  biburl    = {https://dblp.org/rec/conf/ecoop/CasadeiV16.bib},
  bibsource = {dblp computer science bibliography, https://dblp.org}
}

@inproceedings{DBLP:conf/sac/PianiniVB15,
  author    = {Danilo Pianini and
               Mirko Viroli and
               Jacob Beal},
  editor    = {Roger L. Wainwright and
               Juan Manuel Corchado and
               Alessio Bechini and
               Jiman Hong},
  title     = {Protelis: practical aggregate programming},
  booktitle = {Proceedings of the 30th Annual {ACM} Symposium on Applied Computing,
               Salamanca, Spain, April 13-17, 2015},
  pages     = {1846--1853},
  publisher = {{ACM}},
  year      = {2015},
  url       = {https://doi.org/10.1145/2695664.2695913},
  doi       = {10.1145/2695664.2695913},
  timestamp = {Tue, 06 Nov 2018 11:06:47 +0100},
  biburl    = {https://dblp.org/rec/conf/sac/PianiniVB15.bib},
  bibsource = {dblp computer science bibliography, https://dblp.org}
}

@inproceedings{DBLP:conf/iros/MatignonLF07,
  author    = {La{\"{e}}titia Matignon and
               Guillaume J. Laurent and
               Nadine Le Fort{-}Piat},
  title     = {Hysteretic q-learning : an algorithm for decentralized reinforcement
               learning in cooperative multi-agent teams},
  booktitle = {2007 {IEEE/RSJ} International Conference on Intelligent Robots and
               Systems, October 29 - November 2, 2007, Sheraton Hotel and Marina,
               San Diego, California, {USA}},
  pages     = {64--69},
  publisher = {{IEEE}},
  year      = {2007},
  url       = {https://doi.org/10.1109/IROS.2007.4399095},
  doi       = {10.1109/IROS.2007.4399095},
  timestamp = {Wed, 16 Oct 2019 14:14:51 +0200},
  biburl    = {https://dblp.org/rec/conf/iros/MatignonLF07.bib},
  bibsource = {dblp computer science bibliography, https://dblp.org}
}

@inproceedings{DBLP:conf/nips/Thrun99,
  author    = {Sebastian Thrun},
  editor    = {Sara A. Solla and
               Todd K. Leen and
               Klaus{-}Robert M{\"{u}}ller},
  title     = {Monte Carlo POMDPs},
  booktitle = {Advances in Neural Information Processing Systems 12, {[NIPS} Conference,
               Denver, Colorado, USA, November 29 - December 4, 1999]},
  pages     = {1064--1070},
  publisher = {The {MIT} Press},
  year      = {1999},
  url       = {http://papers.nips.cc/paper/1772-monte-carlo-pomdps},
  timestamp = {Thu, 21 Jan 2021 15:15:26 +0100},
  biburl    = {https://dblp.org/rec/conf/nips/Thrun99.bib},
  bibsource = {dblp computer science bibliography, https://dblp.org}
}

@article{DBLP:journals/ec/StanleyM02,
  author    = {Kenneth O. Stanley and
               Risto Miikkulainen},
  title     = {Evolving Neural Network through Augmenting Topologies},
  journal   = {Evol. Comput.},
  volume    = {10},
  number    = {2},
  pages     = {99--127},
  year      = {2002},
  url       = {https://doi.org/10.1162/106365602320169811},
  doi       = {10.1162/106365602320169811},
  timestamp = {Fri, 13 Mar 2020 14:35:19 +0100},
  biburl    = {https://dblp.org/rec/journals/ec/StanleyM02.bib},
  bibsource = {dblp computer science bibliography, https://dblp.org}
}